<?xml version="1.0" encoding="UTF-8"?><record xmlns="http://www.loc.gov/MARC21/slim" xmlns:cinclude="http://apache.org/cocoon/include/1.0" xmlns:zs="http://www.loc.gov/zing/srw/">
  <leader>00473nz  a2200133n  4500</leader>
  <controlfield tag="001">no2005093805</controlfield>
  <controlfield tag="003">DLC</controlfield>
  <controlfield tag="005">20051007052037.0</controlfield>
  <controlfield tag="008">050929n| acannaabn          |n aaa     c</controlfield>
  <datafield tag="010" ind1=" " ind2=" ">
    <subfield code="a">no2005093805</subfield>
  </datafield>
  <datafield tag="035" ind1=" " ind2=" ">
    <subfield code="a">(OCoLC)oca06752440</subfield>
  </datafield>
  <datafield tag="040" ind1=" " ind2=" ">
    <subfield code="a">MoKU</subfield>
    <subfield code="b">eng</subfield>
    <subfield code="c">MoKU</subfield>
  </datafield>
  <datafield tag="100" ind1="1" ind2=" ">
    <subfield code="a">Meyer, Emily Catherine,</subfield>
    <subfield code="d">1978-</subfield>
  </datafield>
  <datafield tag="670" ind1=" " ind2=" ">
    <subfield code="a">Development of a music assisted relaxation protocol for children with sickle cell disease, 2005:</subfield>
    <subfield code="b">t.p. (Emily Catherine Meyer) vita (b. July 3, 1978, Warren, Mich.)</subfield>
  </datafield>
</record>